<?xml version="1.0" encoding="UTF-8"?><collection xmlns="http://www.loc.gov/MARC21/slim"><record><leader>00354nam--2200133-i-4500</leader><controlfield tag="001">000044641</controlfield><controlfield tag="002">20161230</controlfield><controlfield tag="005">20161230201044</controlfield><controlfield tag="008">060222s1000------------r-----000-0-eng-d</controlfield><datafield ind1=" " ind2=" " tag="080"><subfield code="a">621.381:538.975</subfield></datafield><datafield ind1=" " ind2=" " tag="245"><subfield code="a">Thin film resistive sensors</subfield></datafield><datafield ind1=" " ind2=" " tag="260"><subfield code="a">Bristol, Inst.Of Physics Publ., 1992, Viii+495p</subfield></datafield><datafield ind1=" " ind2=" " tag="700"><subfield code="a">Ciureanu,P.Andmiddelhoek,S</subfield></datafield><datafield ind1=" " ind2=" " tag="852"><subfield code="a">80413</subfield></datafield></record></collection>